% This file was created with JabRef 2.10b2.
% Encoding: UTF-8

@Misc{adac_night,
  Title                    = {{Nachtunf√§lle}},

  Author                   = {{Allgemeiner Deutscher Auto Club e.V.}},
  Month                    = {last visited August 2014},
  Note                     = {\url{http://www.adac.de/_mmm/pdf/statistik_6_3_nachtunfaelle_42814.pdf}},

  Owner                    = {sasludwi},
  Timestamp                = {2014.08.20}
}


@Manual{adma,
  Title                    = {Technische Dokumentation ADMA},
  Author                   = {GeneSys},
  Edition                  = {2x.6.1.6},
  Month                    = {September},
  Organization             = {Offenburg: Genesys Elektronik GmbH},
  Year                     = {2009},

  Owner                    = {sasludwi},
  Timestamp                = {2014.08.20}
}

@Article{Jin2003,
  Title                    = {Extracting Interpretable Fuzzy Rules from RBF Networks},
  Author                   = {Jin, Yaochu and Sendhoff, Bernhard},
  Journal                  = {Neural Processing Letters},
  Year                     = {2003},
  Number                   = {2},
  Pages                    = {149-164},
  Volume                   = {17},

  Doi                      = {10.1023/A:1023642126478},
  ISSN                     = {1370-4621},
  Language                 = {English},
  Owner                    = {sasludwi},
  Publisher                = {Kluwer Academic Publishers},
  Timestamp                = {2014.08.21},
  Url                      = {http://dx.doi.org/10.1023/A%3A1023642126478}
}

@InProceedings{julier97,
  Title                    = {A non-divergent estimation algorithm in the presence of unknown correlations},
  Author                   = {S. J. Julier and J.K. Uhlmann},
  Booktitle                = {American Control Conference, 1997. Proceedings of the 1997},
  Year                     = {1997},
  Month                    = {Jun},
  Pages                    = {2369-2373 vol.4},
  Volume                   = {4},

  Abstract                 = {This paper addresses the problem of estimation when the cross-correlation in the errors between different random variables are unknown. A new data fusion algorithm, the covariance intersection algorithm (CI), is presented. It is proved that this algorithm yields consistent estimates irrespective of the actual correlations. This property is illustrated in an application of decentralised estimation where it is impossible to consistently use a Kalman filter},
  Doi                      = {10.1109/ACC.1997.609105},
  File                     = {:/home/sasludw/Masterthesis/Literature/Julier_1997_A non-divergent estimation algorithm in the presence of unknown correlations.pdf:PDF},
  ISSN                     = {0743-1619},
  Keywords                 = {filtering theory;sensor fusion;state estimation;covariance intersection algorithm;cross-correlation;data fusion algorithm;nondivergent estimation algorithm;random variables;unknown correlations;Covariance matrix;Information filtering;Information filters;Predictive models;Random variables;Sensor fusion;Sensor systems;State estimation;Vehicles;Yield estimation},
  Owner                    = {sasludw},
  Timestamp                = {2014.02.06}
}


@Book{mitchell1997,
  Title                    = {Machine Learning},
  Author                   = {T. M. Mitchell},
  Publisher                = {McGraw-Hill},
  Year                     = {1997},

  Address                  = {New York},

  File                     = {:/home/sasludwi/Uni/Paper/Mitchel_1997_ Machine Learning.pdf:PDF},
  Keywords                 = {machine learning},
  Owner                    = {sasludwi},
  Timestamp                = {2011.03.16}
}


@comment{jabref-meta: selector_publisher:}

@comment{jabref-meta: selector_author:}

@comment{jabref-meta: selector_journal:}

@comment{jabref-meta: selector_keywords:}

